@inproceedings{Krijthe2015,
	Author = {Krijthe, Jesse H. and Loog, Marco},
	Booktitle = {The Fourteenth International Symposium on Intelligent Data Analysis},
	Pages = {To Appear},
	Title = {Implicitly Constrained Semi-supervised Least Squares Classification},
	Year = {2015},
	address = {Saint-Etienne, France}
	}

@inproceedings{Krijthe2014,
address = {Stockholm, Sweden},
author = {Krijthe, Jesse H. and Loog, Marco},
booktitle = {Proceedings of the 22st International Conference on Pattern Recognition},
pages = {3762--3767},
title = {{Implicitly Constrained Semi-Supervised Linear Discriminant Analysis}},
year = {2014}
}

@inproceedings{Krijthe2012b,
	author = {Krijthe, Jesse H. and Ho, Tin Kam and Loog, Marco},
	booktitle = {Proceedings of the 21st International Conference on Pattern Recognition},
	pages = {2873--2876},
	title = {Improving cross-validation based classifier selection using meta-learning},
	url = {http://ieeexplore.ieee.org/xpls/abs\_all.jsp?arnumber=6460765},
	year = {2012},
	address = {Tsukuba, Japan}
}